@article{forbes:illumina-grail,
  author = {{Luke Timmerman}},
  title  = {{Google Translate Star Leaves Venter's Human Longevity For Illumina-Backed Grail}},
  journal = "Forbes",
  year = {2016},
  url    = "https://www.forbes.com/sites/luketimmerman/2016/09/27/google-translate-star-leaves-venters-human-longevity-for-illumina-backed-grail",
}

@article{forbes:missinglink,
  author = {{Patrick Lin}},
  title  = {{Blockchain: The Missing Link Between Genomics and Privacy?}},
  journal = "Forbes",
  year = {2017},
  url    = "https://www.forbes.com/sites/patricklin/2017/05/08/blockchain-the-missing-link-between-genomics-and-privacy",
}

@article{forbes:genentech,
  author = {{Matthew Herper}},
  title  = {{Surprise! With \$60 Million Genentech Deal, 23andMe Has A Business Plan}},
  journal = "Forbes",
  year = {2015},  
  url    = "https://www.forbes.com/sites/matthewherper/2015/01/06/surprise-with-60-million-genentech-deal-23andme-has-a-business-plan",
}

@article{nature:the-genome-hacker,
  author = {{Erika Check Hayden}},
  title  = {{Privacy protections: The genome hacker}},
  journal = "Nature",
  year = {2013},
  url    = "http://www.nature.com/news/privacy-protections-the-genome-hacker-1.12940",
}

@article{nature:complex-disease-risk,
  author = {{Karen Norrgard}},
  title  = {{Calculation of Complex Disease Risk}},
  journal = "Nature",
  year = {2008},
  url    = "https://www.nature.com/scitable/topicpage/calculation-of-complex-disease-risk-756",
}

@article{wired.co.uk:longevitydiseases,
  author = {{Kathryn Nave}},
  title  = {{How Craig Venter is fighting ageing with genome sequencing}},
  journal = "WIRED UK",
  year = {2016},
  url    = "http://www.wired.co.uk/article/craig-venter-human-longevity-genome-diseases-ageing",
}

@article{techonomy:challangesforgenomics,
  author = {{Meredith Salisbury}},
  title  = {{Challenges for Genomics in the Age of Big Data}},
  journal = "Techonomy",
  year = {2015},
  url    = "http://techonomy.com/2015/07/challenges-for-genomics-in-the-age-of-big-data/",
}
@article{coindesk.com:DNAbits,
  author = {{Justin Zimmerman}},
  title  = {{DNA Block Chain Project Boosts Research, Preserves Patient Anonymity}},
  journal = "CoinDesk",
  year = {2014},
  url    = "https://www.coindesk.com/israels-dna-bits-moves-beyond-currency-with-genes-blockchain/",
}

@article{genomeweb.com:23andme-pfizer,
  title  = {{23andMe, Pfizer to Launch Inflammatory Bowel Disease Genetics Study}},
  journal = "GenomeWeb‏",
  year = {2014},
  url    = "https://www.genomeweb.com/clinical-genomics/23andme-pfizer-launch-inflammatory-bowel-disease-genetics-study",
}

@article{TED:FaceFromDNA,
  author = {{Laure-Anne Pessina}},
  title  = {{Reconstructing a face from DNA: an EPFL alumnus takes the stage at the 2016 TED Conference}},
  journal = "School of Engineering (Federal Institute of Technology Lausanne)",
  year = {2016},
  url    = "http://sti.epfl.ch/page-129921-en.html",
}


@article{alzforum.org:23andme-alzheimers,
  title  = {{Genetic Wild West: 23andMe Raw Data Contains 75 Alzheimer’s Mutations}},
  journal = "Alzforum",
  year = {2017},
  url    = "http://www.alzforum.org/news/community-news/genetic-wild-west-23andme-raw-data-contains-75-alzheimers-mutations",
}
