@online{genome.gov:glossary:genome,
  author = {{NHGRI}},
  title  = {{Talking Glossary of Genetic Terms. Word <<Genome>>.}},
  url    = "https://www.genome.gov/glossary/index.cfm?id=90",
}
@online{genome.gov:sequencingcostsdata,
  author = {{Wetterstrand KA.}},
  title  = {{DNA Sequencing Costs: Data from the NHGRI Genome Sequencing Program (GSP)}},
  url    = "www.genome.gov/sequencingcostsdata",
}

@patent{brama2015method,
  title={Method, System and Program Product for Transferring Genetic and Health Data},
  author={Brama, D.S.},
  url={https://www.google.com/patents/US20150205929},
  year={2015},
  month=jul # "~23",
  publisher={Google Patents},
  note={US Patent App. 14/218,865}
}


@book{goodreads.com:24714901,
  author = {{Melanie Swan}},
  title  = {{Blockchain: Blueprint for a New Economy}},
  url    = "https://www.goodreads.com/book/show/24714901-blockchain",
}


@online{bio-itworld.com:MinION.jpg,
  author = {{undefined}},
  title  = {{undefined}},
  url    = "http://www.bio-itworld.com/uploadedImages/Bio-IT_World/Top_Headlines/2014/12-Dec/MinION%20close%20up.jpg",
}



@online{smeal.psu.edu:innovations-in-medical-genomics,
  author = {{undefined}},
  title  = {{undefined}},
  url    = "https://www.smeal.psu.edu/fcfe/documents/innovations-in-medical-genomics-pdf"
}

@online{mordorintelligence.com:genetic-testing-market,
  author = {{undefined}},
  title  = {{undefined}},
  url    = "https://www.mordorintelligence.com/industry-reports/global-genetic-testing-market-industry",
}

@online{globenewswire.com:Global-Market-Insights,
  author = {{undefined}},
  title  = {{undefined}},
  url    = "https://globenewswire.com/news-release/2017/03/29/946227/0/en/Digital-Genome-Market-to-hit-45bn-by-2024-Global-Market-Insights-Inc.html",
}


@online{pharmcluster.ru:FNKC:GeneticScreeningReport,
  author = {{undefined}},
  title  = {{undefined}},
  url    = "http://pharmcluster.ru/FNKC_Genetic_Screening_Diagnostics_Report.pdf",
}


@online{ebi.ac.uk:what-next-generation-dna,
  author = {{undefined}},
  title  = {{undefined}},
  url    = "https://www.ebi.ac.uk/training/online/course/ebi-next-generation-sequencing-practical-course/what-you-will-learn/what-next-generation-dna-",
}
